<?xml version="1.0" encoding="UTF-8"?>
  <record xmlns="http://www.loc.gov/MARC21/slim" type="Authority">
    <leader>00000nz  a2200000nc 4500</leader>
    <controlfield tag="001">124770266</controlfield>
    <controlfield tag="003">DE-101</controlfield>
    <controlfield tag="005">20220309170914.0</controlfield>
    <controlfield tag="008">030624n||aznnnaabn           | aaa    |c</controlfield>
    <datafield tag="024" ind1="7" ind2=" ">
      <subfield code="a">124770266</subfield>
      <subfield code="0">http://d-nb.info/gnd/124770266</subfield>
      <subfield code="2">gnd</subfield>
    </datafield>
    <datafield tag="035" ind1=" " ind2=" ">
      <subfield code="a">(DE-101)124770266</subfield>
    </datafield>
    <datafield tag="035" ind1=" " ind2=" ">
      <subfield code="a">(DE-588)124770266</subfield>
    </datafield>
    <datafield tag="035" ind1=" " ind2=" ">
      <subfield code="z">(DE-588a)124770266</subfield>
      <subfield code="9">v:zg</subfield>
    </datafield>
    <datafield tag="040" ind1=" " ind2=" ">
      <subfield code="a">DE-23</subfield>
      <subfield code="c">DE-23</subfield>
      <subfield code="9">r:DE-601</subfield>
      <subfield code="b">ger</subfield>
      <subfield code="d">9999</subfield>
    </datafield>
    <datafield tag="042" ind1=" " ind2=" ">
      <subfield code="a">gnd1</subfield>
    </datafield>
    <datafield tag="075" ind1=" " ind2=" ">
      <subfield code="b">p</subfield>
      <subfield code="2">gndgen</subfield>
    </datafield>
    <datafield tag="075" ind1=" " ind2=" ">
      <subfield code="b">piz</subfield>
      <subfield code="2">gndspec</subfield>
    </datafield>
    <datafield tag="079" ind1=" " ind2=" ">
      <subfield code="a">g</subfield>
      <subfield code="q">a</subfield>
      <subfield code="q">f</subfield>
    </datafield>
    <datafield tag="100" ind1="1" ind2=" ">
      <subfield code="a">Mirandula, Octavianus</subfield>
    </datafield>
    <datafield tag="400" ind1="0" ind2=" ">
      <subfield code="a">Octavianus</subfield>
      <subfield code="c">de Floravantis</subfield>
    </datafield>
    <datafield tag="400" ind1="1" ind2=" ">
      <subfield code="a">Fioravanti, Ottavio</subfield>
      <subfield code="9">v:(VD-16)</subfield>
    </datafield>
    <datafield tag="500" ind1="1" ind2=" ">
      <subfield code="0">(DE-101)119612267</subfield>
      <subfield code="0">(DE-588)119612267</subfield>
      <subfield code="0">https://d-nb.info/gnd/119612267</subfield>
      <subfield code="a">Balbo, Giacomo Antonio</subfield>
      <subfield code="4">beza</subfield>
      <subfield code="4">https://d-nb.info/standards/elementset/gnd#acquaintanceshipOrFriendship</subfield>
      <subfield code="w">r</subfield>
      <subfield code="i">Bekanntschaft</subfield>
      <subfield code="e">Bekanntschaft</subfield>
      <subfield code="9">v:VD-16 Mitverf.</subfield>
    </datafield>
    <datafield tag="500" ind1="1" ind2=" ">
      <subfield code="0">(DE-101)119612283</subfield>
      <subfield code="0">(DE-588)119612283</subfield>
      <subfield code="0">https://d-nb.info/gnd/119612283</subfield>
      <subfield code="a">Balbo, Ottaviano</subfield>
      <subfield code="4">beza</subfield>
      <subfield code="4">https://d-nb.info/standards/elementset/gnd#acquaintanceshipOrFriendship</subfield>
      <subfield code="w">r</subfield>
      <subfield code="i">Bekanntschaft</subfield>
      <subfield code="e">Bekanntschaft</subfield>
      <subfield code="9">v:VD-16 Mitverf.</subfield>
    </datafield>
    <datafield tag="500" ind1="1" ind2=" ">
      <subfield code="a">Beroaldo, Filippo</subfield>
      <subfield code="c">der Ältere</subfield>
      <subfield code="4">beza</subfield>
      <subfield code="4">https://d-nb.info/standards/elementset/gnd#acquaintanceshipOrFriendship</subfield>
      <subfield code="w">r</subfield>
      <subfield code="i">Bekanntschaft</subfield>
      <subfield code="e">Bekanntschaft</subfield>
      <subfield code="9">v:VD-16 Mitverf.</subfield>
    </datafield>
    <datafield tag="548" ind1=" " ind2=" ">
      <subfield code="a">1507</subfield>
      <subfield code="4">datw</subfield>
      <subfield code="4">https://d-nb.info/standards/elementset/gnd#periodOfActivity</subfield>
      <subfield code="w">r</subfield>
      <subfield code="i">Wirkungsdaten</subfield>
    </datafield>
    <datafield tag="667" ind1=" " ind2=" ">
      <subfield code="a">12</subfield>
    </datafield>
    <datafield tag="667" ind1=" " ind2=" ">
      <subfield code="a">384</subfield>
    </datafield>
    <datafield tag="667" ind1=" " ind2=" ">
      <subfield code="a">7</subfield>
    </datafield>
    <datafield tag="667" ind1=" " ind2=" ">
      <subfield code="a">VD-17</subfield>
    </datafield>
    <datafield tag="667" ind1=" " ind2=" ">
      <subfield code="a">VD-16</subfield>
    </datafield>
    <datafield tag="670" ind1=" " ind2=" ">
      <subfield code="a">LoC-NA</subfield>
    </datafield>
    <datafield tag="672" ind1=" " ind2="0">
      <subfield code="a">Illustrium Poetarum Flores</subfield>
      <subfield code="f">1538</subfield>
    </datafield>
    <datafield tag="672" ind1=" " ind2="0">
      <subfield code="a">Illustrium Poetarum Flores</subfield>
      <subfield code="f">1549</subfield>
    </datafield>
    <datafield tag="672" ind1=" " ind2="0">
      <subfield code="a">Illustrium Poetarum Flores</subfield>
      <subfield code="f">1555</subfield>
    </datafield>
    <datafield tag="672" ind1=" " ind2="0">
      <subfield code="a">Illustrium Poetarum Flores</subfield>
      <subfield code="f">1559</subfield>
    </datafield>
    <datafield tag="672" ind1=" " ind2="0">
      <subfield code="a">Illustrium Poetarum Flores</subfield>
      <subfield code="f">1563</subfield>
    </datafield>
    <datafield tag="672" ind1=" " ind2="0">
      <subfield code="a">Illustrium Poetarum Flores</subfield>
      <subfield code="f">1565</subfield>
    </datafield>
    <datafield tag="672" ind1=" " ind2="0">
      <subfield code="a">Illustrium Poetarum Flores</subfield>
      <subfield code="f">1566</subfield>
    </datafield>
    <datafield tag="672" ind1=" " ind2="0">
      <subfield code="a">Illustrium Poetarum Flores</subfield>
      <subfield code="f">1576</subfield>
    </datafield>
    <datafield tag="672" ind1=" " ind2="0">
      <subfield code="a">Illustrium Poetarum Flores</subfield>
      <subfield code="f">1579</subfield>
    </datafield>
    <datafield tag="672" ind1=" " ind2="0">
      <subfield code="a">Illustrium Poetarum Flores</subfield>
      <subfield code="f">1585</subfield>
    </datafield>
    <datafield tag="672" ind1=" " ind2="0">
      <subfield code="a">Fioravanti, Ottavio: Illustrium poetarum flores.  1599.  (VD16 ZV 5859)</subfield>
    </datafield>
    <datafield tag="672" ind1=" " ind2="0">
      <subfield code="a">Fioravanti, Ottavio: Illustrium PoẽtaRVM FLORES PER Octauianum Mirandulam collecti,et à studioso quodam in ...  1559.  (VD16 F 1115)</subfield>
    </datafield>
    <datafield tag="672" ind1=" " ind2="0">
      <subfield code="a">Fioravanti, Ottavio: Illustrium Poe͏̈taRVM FLORES PER Octauianum Mirandulam collecti,et à studioso quodam in ...  1567.  (VD16 F 1116)</subfield>
    </datafield>
    <datafield tag="672" ind1=" " ind2="0">
      <subfield code="a">Fioravanti, Ottavio: ILLVSTRIVM POETARVM FLORES, Per Octanianum Mirandulam collecti, &amp; in locos communes ...  1583.  (VD16 F 1117)</subfield>
    </datafield>
    <datafield tag="672" ind1=" " ind2="0">
      <subfield code="a">Fioravanti, Ottavio: ILLVSTRIVM POETARVM FLOres per OCTAVIANUM MIRANDVLAM collegi,&amp; à studioso quodam in Locos ...  1544.  (VD16 F 1113)</subfield>
    </datafield>
    <datafield tag="672" ind1=" " ind2="0">
      <subfield code="a">Fioravanti, Ottavio: ILLVSTRIVM POETARVM Flores per OCTAVIANVM MIRANDVLAM collecti, &amp; à studioso quodam in ...  1538.  (VD16 F 1112)</subfield>
    </datafield>
    <datafield tag="672" ind1=" " ind2="0">
      <subfield code="a">Fioravanti, Ottavio: ILLVSTRIVM POETARVM FLOres per OCTAVIANVM MIRANDVLAM collecti,&amp; à studioso quodam in ...  1549.  (VD16 F 1114)</subfield>
    </datafield>
    <datafield tag="672" ind1=" " ind2="0">
      <subfield code="a">Fioravanti, Ottavio: VIRIDARIVM ILLVSTRIVM poetarum,Cum ipsorum concordantiis in Alphabetica tabula ...  1517.  (VD16 F 1111)</subfield>
    </datafield>
    <datafield tag="678" ind1=" " ind2=" ">
      <subfield code="b">Regularkanoniker der Congregatio SS. Salvatoris Lateranensis</subfield>
    </datafield>
    <datafield tag="913" ind1=" " ind2=" ">
      <subfield code="S">pnd</subfield>
      <subfield code="i">a</subfield>
      <subfield code="a">Mirandula, Octavianus</subfield>
      <subfield code="0">(DE-588a)124770266</subfield>
    </datafield>
  </record>
